<record xmlns="http://www.loc.gov/MARC21/slim" xmlns:xsi="http://www.w3.org/2001/XMLSchema-instance" xsi:schemaLocation="http://www.loc.gov/MARC21/slim http://www.loc.gov/standards/marcxml/schema/MARC21slim.xsd"><leader>00636nz   2200157n  4500</leader><controlfield tag="001">oca04370354 </controlfield><controlfield tag="005">19970623044615.5</controlfield><controlfield tag="008">970621n| acannaab|          |a aaa     c</controlfield><datafield ind1=" " ind2=" " tag="010"><subfield code="a">no 97037977 </subfield></datafield><datafield ind1=" " ind2=" " tag="040"><subfield code="a">InU</subfield><subfield code="c">InU</subfield></datafield><datafield ind1="0" ind2=" " tag="100"><subfield code="a">Geminus</subfield></datafield><datafield ind1="0" ind2=" " tag="400"><subfield code="a">Geminos</subfield></datafield><datafield ind1=" " ind2=" " tag="670"><subfield code="a">Klaudiou Ptolemaiou, TheoÌ&#x84;nos k.t.l., KanoÌ&#x84;n basileioÌ&#x84;n kai Phaseis aplanoÌ&#x84;n kai Geminou EisagoÌ&#x84;geÌ&#x84; eis ta phainomena ... 1819.</subfield></datafield><datafield ind1=" " ind2=" " tag="670"><subfield code="a">Oxford classical dict., 1996</subfield><subfield code="b">(Geminus, writer of elementary textbooks on mathematical subjects, c. A.D. 50)</subfield></datafield><datafield ind1=" " ind2=" " tag="670"><subfield code="a">LCCS: PA3998.G3</subfield><subfield code="b">(Geminus, of Rhodes, fl. 70 B.C.)</subfield></datafield><datafield ind1=" " ind2=" " tag="670"><subfield code="a">LC database, 21 June 1997</subfield><subfield code="b">(hdg.: Geminus)</subfield></datafield></record>